<?xml version="1.0" encoding="UTF-8"?><collection xmlns="http://www.loc.gov/MARC21/slim"><record><leader>00382nam--2200133-i-4500</leader><controlfield tag="001">000042656</controlfield><controlfield tag="002">20161230</controlfield><controlfield tag="005">20161230201043</controlfield><controlfield tag="008">060222s1000------------r-----000-0-eng-d</controlfield><datafield ind1=" " ind2=" " tag="080"><subfield code="a">620.9(08)</subfield></datafield><datafield ind1=" " ind2=" " tag="100"><subfield code="a">Stanisavlievici, Louis</subfield></datafield><datafield ind1=" " ind2=" " tag="245"><subfield code="a">Probleme actuale ale tratarii apei si aburului in instalatiile termoenergetice</subfield></datafield><datafield ind1=" " ind2=" " tag="260"><subfield code="a">Bucuresti, Ed.Tehnica, 1969. 263 P</subfield></datafield><datafield ind1=" " ind2=" " tag="852"><subfield code="a">31327</subfield></datafield></record></collection>